<marc:collection xmlns:marc="http://www.loc.gov/MARC21/slim" xmlns:xsi="http://www.w3.org/2001/XMLSchema-instance" xsi:schemaLocation="http://www.loc.gov/MARC21/slim http://www.loc.gov/standards/marcxml/schema/MARC21slim.xsd">
    <marc:record type="Bibliographic">
        <marc:leader>01979cem a2200493 a 4500</marc:leader>
        <marc:controlfield tag="001">7711458</marc:controlfield>
        <marc:controlfield tag="005">20131007100219.0</marc:controlfield>
        <marc:controlfield tag="007">aj canzn</marc:controlfield>
        <marc:controlfield tag="008">960112s1917    cc d      a     0   eng d</marc:controlfield>
        <marc:datafield tag="035" ind1=" " ind2=" ">
            <marc:subfield code="a">(OCoLC)ocm45967541</marc:subfield>
        </marc:datafield>
        <marc:datafield tag="040" ind1=" " ind2=" ">
            <marc:subfield code="a">CUY</marc:subfield>
            <marc:subfield code="c">CUY</marc:subfield>
            <marc:subfield code="d">OCL</marc:subfield>
            <marc:subfield code="d">OCLCQ</marc:subfield>
            <marc:subfield code="d">NjP</marc:subfield>
        </marc:datafield>
        <marc:datafield tag="034" ind1="1" ind2=" ">
            <marc:subfield code="a">a</marc:subfield>
            <marc:subfield code="b">600000</marc:subfield>
        </marc:datafield>
        <marc:datafield tag="035" ind1=" " ind2=" ">
            <marc:subfield code="a">(OCoLC)45967541</marc:subfield>
        </marc:datafield>
        <marc:datafield tag="041" ind1="0" ind2=" ">
            <marc:subfield code="a">eng</marc:subfield>
            <marc:subfield code="a">chi</marc:subfield>
        </marc:datafield>
        <marc:datafield tag="043" ind1=" " ind2=" ">
            <marc:subfield code="a">a-cc-ku</marc:subfield>
            <marc:subfield code="a">a-cc-ch</marc:subfield>
            <marc:subfield code="a">a-cc-sm</marc:subfield>
        </marc:datafield>
        <marc:datafield tag="050" ind1=" " ind2="4">
            <marc:subfield code="a">G7823.K5P3 1917</marc:subfield>
            <marc:subfield code="b">.M3</marc:subfield>
        </marc:datafield>
        <marc:datafield tag="052" ind1=" " ind2=" ">
            <marc:subfield code="a">7823</marc:subfield>
            <marc:subfield code="b">K5</marc:subfield>
            <marc:subfield code="b">C5</marc:subfield>
        </marc:datafield>
        <marc:datafield tag="052" ind1=" " ind2=" ">
            <marc:subfield code="a">7824</marc:subfield>
            <marc:subfield code="b">S2</marc:subfield>
        </marc:datafield>
        <marc:datafield tag="072" ind1=" " ind2="7">
            <marc:subfield code="a">P3</marc:subfield>
            <marc:subfield code="2">lcg</marc:subfield>
        </marc:datafield>
        <marc:datafield tag="100" ind1="1" ind2=" ">
            <marc:subfield code="a">Qi, Minghe.</marc:subfield>
        </marc:datafield>
        <marc:datafield tag="245" ind1="1" ind2="0">
            <marc:subfield code="a">Map of Shanghai-Nanking and Shanghai-Hangchow-Ningpo railways</marc:subfield>
            <marc:subfield code="h">[map] :</marc:subfield>
            <marc:subfield code="b">with branch lines and tables.</marc:subfield>
        </marc:datafield>
        <marc:datafield tag="246" ind1="3" ind2="0">
            <marc:subfield code="a">Ning Hu Hang Yong tie lu quan tu</marc:subfield>
        </marc:datafield>
        <marc:datafield tag="255" ind1=" " ind2=" ">
            <marc:subfield code="a">Scale [ca. 1:600,000].</marc:subfield>
        </marc:datafield>
        <marc:datafield tag="260" ind1=" " ind2=" ">
            <marc:subfield code="a">[China] :</marc:subfield>
            <marc:subfield code="b">Map Dept. of Chinese Engineering and Construction Association,</marc:subfield>
            <marc:subfield code="c">c1917.</marc:subfield>
        </marc:datafield>
        <marc:datafield tag="300" ind1=" " ind2=" ">
            <marc:subfield code="a">1 map :</marc:subfield>
            <marc:subfield code="b">col. ;</marc:subfield>
            <marc:subfield code="c">46 x 57 cm.</marc:subfield>
        </marc:datafield>
        <marc:datafield tag="500" ind1=" " ind2=" ">
            <marc:subfield code="a">Relief shown by hachures.</marc:subfield>
        </marc:datafield>
        <marc:datafield tag="500" ind1=" " ind2=" ">
            <marc:subfield code="a">In upper right-hand corner: Ning Hu Hang Yong tie lu quan tu.</marc:subfield>
        </marc:datafield>
        <marc:datafield tag="500" ind1=" " ind2=" ">
            <marc:subfield code="a">"Copyright, 1917 by Chih-Ming-Ngor."</marc:subfield>
        </marc:datafield>
        <marc:datafield tag="546" ind1=" " ind2=" ">
            <marc:subfield code="a">In English and Chinese.</marc:subfield>
        </marc:datafield>
        <marc:datafield tag="500" ind1=" " ind2=" ">
            <marc:subfield code="a">Historic Maps copy has seal in red in lower left:  Zhuo ran Qi Minghe zhang.</marc:subfield>
            <marc:subfield code="5">NjP</marc:subfield>
        </marc:datafield>
        <marc:datafield tag="561" ind1=" " ind2=" ">
            <marc:subfield code="a">Historic Maps copy is from the estate of John Thomas Find, Princeton Class of 1922.</marc:subfield>
            <marc:subfield code="5">NjP</marc:subfield>
        </marc:datafield>
        <marc:datafield tag="650" ind1=" " ind2="0">
            <marc:subfield code="a">Railroads</marc:subfield>
            <marc:subfield code="z">China</marc:subfield>
            <marc:subfield code="z">Jiangsu Sheng</marc:subfield>
            <marc:subfield code="v">Maps.</marc:subfield>
        </marc:datafield>
        <marc:datafield tag="650" ind1=" " ind2="0">
            <marc:subfield code="a">Railroads</marc:subfield>
            <marc:subfield code="z">China</marc:subfield>
            <marc:subfield code="z">Zhejiang Sheng</marc:subfield>
            <marc:subfield code="v">Maps.</marc:subfield>
        </marc:datafield>
        <marc:datafield tag="650" ind1=" " ind2="0">
            <marc:subfield code="a">Railroads</marc:subfield>
            <marc:subfield code="z">China</marc:subfield>
            <marc:subfield code="z">Shanghai</marc:subfield>
            <marc:subfield code="v">Maps.</marc:subfield>
        </marc:datafield>
        <marc:datafield tag="651" ind1=" " ind2="0">
            <marc:subfield code="a">China</marc:subfield>
            <marc:subfield code="v">Maps.</marc:subfield>
        </marc:datafield>
        <marc:datafield tag="655" ind1=" " ind2="7">
            <marc:subfield code="a">Maps</marc:subfield>
            <marc:subfield code="z">China</marc:subfield>
            <marc:subfield code="y">1917.</marc:subfield>
            <marc:subfield code="2">aat</marc:subfield>
        </marc:datafield>
        <marc:datafield tag="655" ind1=" " ind2="7">
            <marc:subfield code="a">Railroad maps</marc:subfield>
            <marc:subfield code="z">China</marc:subfield>
            <marc:subfield code="z">Jiangsu Sheng</marc:subfield>
            <marc:subfield code="y">1917.</marc:subfield>
            <marc:subfield code="2">local</marc:subfield>
        </marc:datafield>
        <marc:datafield tag="655" ind1=" " ind2="7">
            <marc:subfield code="a">Railroad maps</marc:subfield>
            <marc:subfield code="z">China</marc:subfield>
            <marc:subfield code="z">Zhejiang Sheng</marc:subfield>
            <marc:subfield code="y">1917.</marc:subfield>
            <marc:subfield code="2">local</marc:subfield>
        </marc:datafield>
        <marc:datafield tag="655" ind1=" " ind2="7">
            <marc:subfield code="a">Railroad maps</marc:subfield>
            <marc:subfield code="z">China</marc:subfield>
            <marc:subfield code="z">Shanghai</marc:subfield>
            <marc:subfield code="y">1917.</marc:subfield>
            <marc:subfield code="2">local</marc:subfield>
        </marc:datafield>
        <marc:datafield tag="700" ind1="1" ind2=" ">
            <marc:subfield code="a">Find, John T.</marc:subfield>
            <marc:subfield code="q">(John Thomas),</marc:subfield>
            <marc:subfield code="d">1896-1968,</marc:subfield>
            <marc:subfield code="e">former owner.</marc:subfield>
            <marc:subfield code="5">NjP</marc:subfield>
        </marc:datafield>
        <marc:datafield tag="856" ind1="4" ind2="1">
            <marc:subfield code="z">See the map (copy 2)</marc:subfield>
            <marc:subfield code="u">http://gisserver.princeton.edu/map/28042</marc:subfield>
        </marc:datafield>
        <marc:datafield tag="987" ind1=" " ind2=" ">
            <marc:subfield code="a">PINYIN</marc:subfield>
            <marc:subfield code="b">OCoLC</marc:subfield>
            <marc:subfield code="c">20011003</marc:subfield>
            <marc:subfield code="d">c</marc:subfield>
            <marc:subfield code="e">09.30.2001</marc:subfield>
        </marc:datafield>
        <marc:datafield tag="904" ind1=" " ind2=" ">
            <marc:subfield code="a">gls</marc:subfield>
            <marc:subfield code="b">g</marc:subfield>
            <marc:subfield code="h">m</marc:subfield>
            <marc:subfield code="c">p</marc:subfield>
            <marc:subfield code="e">20130828</marc:subfield>
        </marc:datafield>
        <marc:datafield tag="902" ind1=" " ind2=" ">
            <marc:subfield code="a">gls</marc:subfield>
            <marc:subfield code="b">m</marc:subfield>
            <marc:subfield code="6">e</marc:subfield>
            <marc:subfield code="7">m</marc:subfield>
            <marc:subfield code="d">v</marc:subfield>
            <marc:subfield code="f">1</marc:subfield>
            <marc:subfield code="e">20130918</marc:subfield>
        </marc:datafield>
    </marc:record>
    <marc:record type="Holdings">
        <marc:leader>00171nx  a22000851  4500</marc:leader>
        <marc:controlfield tag="001">7511681</marc:controlfield>
        <marc:controlfield tag="004">7711458</marc:controlfield>
        <marc:controlfield tag="005">20130828142430.0</marc:controlfield>
        <marc:controlfield tag="008">1308284u    8   1001uu   0901128</marc:controlfield>
        <marc:datafield tag="852" ind1="0" ind2=" ">
            <marc:subfield code="b">map</marc:subfield>
            <marc:subfield code="h">HMC01.828</marc:subfield>
        </marc:datafield>
    </marc:record>
</marc:collection>
